@ARTICLE{Larsen97uppaalin,
    author = {Kim G. Larsen and Paul Pettersson and Wang Yi},
    title = {UPPAAL in a nutshell},
    journal = {Int. Journal on Software Tools for Technology Transfer},
    year = {1997},
    volume = {1},
    pages = {134--152}
}

@inproceedings{so54514,
       booktitle = {Proceedings of the 19th IEEE International Parallel and Distributed Processing Symposium},
           title = {Production scheduling by reachability analysis: a case study},
          author = {Gerd {Behrmann} and Ed {Brinksma} and Martijn {Hendriks} and Angelika {Mader}},
         address = {Los Alamitos, CA, USA},
       publisher = {IEEE Computer Society Press},
            year = {2005},
           pages = {140--140},
             url = {http://doc.utwente.nl/54514/} 
}

@Inbook{Igna2008,
author="Igna, Georgeta
and Kannan, Venkatesh
and Yang, Yang
and Basten, Twan
and Geilen, Marc
and Vaandrager, Frits
and Voorhoeve, Marc
and de Smet, Sebastian
and Somers, Lou",
editor="Cassez, Franck
and Jard, Claude",
title="Formal Modeling and Scheduling of Datapaths of Digital Document Printers",
bookTitle="Formal Modeling and Analysis of Timed Systems: 6th International Conference, FORMATS 2008, Saint Malo, France, September 15-17, 2008. Proceedings",
year="2008",
publisher="Springer Berlin Heidelberg",
address="Berlin, Heidelberg",
pages="170--187",
isbn="978-3-540-85778-5",
doi="10.1007/978-3-540-85778-5_13",
url="http://dx.doi.org/10.1007/978-3-540-85778-5_13"
}


@misc{FESTOweb,
  title = {{FESTO homepage}},
  howpublished = {\url{http://festo.com}},
  note = {Accessed: 2016-09-22}
}


@misc{UPPAALCORA,
  title = {{UPPAAL CORA - UPPAAL for Planning and Scheduling}},
  author = {{G. Behrmann}},
  howpublished = {\url{http://people.cs.aau.dk/~adavid/cora/index.html}},
  note = {Accessed: 2016-10-06}
}



@misc{Davis2015,
    author    = "Ron Davies",
    title     = "Industry 4.0 - Digitalisation for productivity and growth",
    year     = "2015",
    month    = "September",
    note     = "Breifing from EPRS",
}

@article{Spaulding2013,
    author    = "Elizabeth Spaulding and Christopher Perry",
    title     = "Having It Their Way: The Big Opportunity In Personalized Products",
    journal   = "Forbes Magazine",
    year      = "2013"
}

