@article{AffectGrid,
    author    =  {James A. Russell},
    title     = {Affect Grid: A Single-Item Scale of Pleasure and Arousal},
    journal   = {Journal of Personality and Social Psychology},
    volume   = {57},
    number   = {3},
    pages    = {493 - 502},
    year      = {1989},
}